@InProceedings{ravi-knight:2011,
  author    = {Ravi, Sujith  and  Knight, Kevin},
  title     = {Deciphering foreign language},
  booktitle = {Proceedings of the 49th Annual Meeting of the Association for Computational Linguistics: Human Language Technologies},
  year      = {2011},
  publisher = {Association for Computational Linguistics},
}

@InProceedings{ravi:2013,
  author    = {Ravi, Sujith},
  title     = {Scalable Decipherment for Machine Translation via Hash Sampling},
  booktitle = {Proceedings of the 51th Annual Meeting of the Association for Computational Linguistics},
  year      = {2013},
  publisher = {Association for Computational Linguistics},
}


@InProceedings{klementiev2012,
  author    = {Klementiev, Alexandre  and  Irvine, Ann  and  Callison-Burch, Chris  and  Yarowsky, David},
  title     = {Toward statistical machine translation without parallel corpora},
  booktitle = {Proceedings of the 13th Conference of the European Chapter of the Association for Computational Linguistics},
  year      = {2012},
  publisher = {Association for Computational Linguistics},
}

@inproceedings{Ravi:2008:ADP:1613715.1613819,
 author = {Ravi, Sujith and Knight, Kevin},
 title = {Attacking decipherment problems optimally with low-order n-gram models},
 booktitle = {Proceedings of the Conference on Empirical Methods in Natural Language Processing},
 year = {2008},
 publisher = {Association for Computational Linguistics},
}

@inproceedings{Callison-Burch:2008:MMT:1626394.1626403,
 author = {Callison-Burch, Chris and Fordyce, Cameron and Koehn, Philipp and Monz, Christof and Schroeder, Josh},
 title = {Further meta-evaluation of machine translation},
 booktitle = {Proceedings of the Third Workshop on Statistical Machine Translation},
 year = {2008},
 publisher = {Association for Computational Linguistics},
}

@InProceedings{bohnet:2010:PAPERS,
  author    = {Bohnet, Bernd},
  title     = {Top accuracy and fast dependency parsing is not a contradiction},
  booktitle = {Proceedings of the 23rd International Conference on Computational Linguistics},
  year      = {2010},
  publisher = {Coling},
}

@InProceedings{knight-EtAl:2006,
  author    = {Knight, Kevin  and  Nair, Anish  and  Rathod, Nishit  and  Yamada, Kenji},
  title     = {Unsupervised analysis for decipherment problems},
  booktitle = {Proceedings of the COLING/ACL 2006 Main Conference Poster Sessions},
  year      = {2006},
  publisher = {Association for Computational Linguistics},
}

@article{GIZA,
 author = {Och, Franz Josef and Ney, Hermann},
 title = {A Systematic Comparison of Various Statistical Alignment Models},
 journal = {Computational Linguistics},
 year = {2003},
 publisher = {MIT Press},
}

@article{newman:2009:distributed,
    author = {Newman, David and Asuncion, Arthur and Smyth,
Padhrai and Welling, Max},
    journal = {Journal of Machine Learning Research},
    title = {Distributed Algorithms for Topic Models},
    volume = {10},
    year = {2009}
}

@InProceedings{zodic:2011,
  author    = {Ravi, Sujith  and  Knight, Kevin},
  title     = {Bayesian inference for Zodiac and other homophonic ciphers},
  booktitle = {Proceedings of the 49th Annual Meeting of the Association for Computational Linguistics: Human Language Technologies},
  year      = {2011},
  publisher = {Association for Computational Linguistics},
}

@inbook{Weaver:1955,
 author = {Weaver, Warren},
 title = {Translation (1949). Reproduced
in W.N. Locke, A.D. Booth (eds.).},
 book = {Advances in kernel methods},
 year = {1955},
 publisher = {MIT Press},
}

@ARTICLE{Neal00slicesampling,
    author = {Radford Neal},
    title = {Slice sampling},
    journal = {Annals of Statistics},
    year = {2000},
    volume = {31},
}

@inproceedings{Fung:1998,
 author = {Fung, Pascale and Yee, Lo Yuen},
 title = {An {I}{R} approach for translating new words from nonparallel, comparable texts},
 booktitle = {Proceedings of the 36th Annual Meeting of the Association for Computational Linguistics and 17th International Conference on Computational Linguistics - Volume 1},
 year = {1998},
 publisher = {Association for Computational Linguistics},
}

@InProceedings{dou-knight:2013:EMNLP,
  author    = {Dou, Qing  and  Knight, Kevin},
  title     = {Dependency-Based Decipherment for Resource-Limited Machine Translation},
  booktitle = {Proceedings of the 2013 Conference on Empirical Methods in Natural Language Processing},
  year      = {2013},
  publisher = {Association for Computational Linguistics},
}

@InProceedings{irvine-callisonburch:2013:WMT,
  author    = {Irvine, Ann  and  Callison-Burch, Chris},
  title     = {Combining Bilingual and Comparable Corpora for Low Resource Machine Translation},
  booktitle = {Proceedings of the Eighth Workshop on Statistical Machine Translation},
  month     = {August},
  year      = {2013},
  publisher = {Association for Computational Linguistics},
}

@InProceedings{irvine:2013:SRW,
  author    = {Irvine, Ann},
  title     = {Statistical Machine Translation in Low Resource Settings},
  booktitle = {Proceedings of the 2013 NAACL HLT Student Research Workshop},
  year      = {2013},
  publisher = {Association for Computational Linguistics},
}

@InProceedings{irvineQuirkDaumeEMNLP13,
author = {Irvine, Ann and Chris Quirk and Hal Daume III}, 
title = {Monolingual Marginal Matching for Translation Model Adaptation}, 
booktitle = {Proceedings of the Conference on Empirical Methods in Natural Language Processing (EMNLP)}, 
year = {2013},
  publisher = {Association for Computational Linguistics},
}

@InProceedings{irvine-callisonburch:2013,
  author    = {Irvine, Ann  and  Callison-Burch, Chris},
  title     = {Supervised Bilingual Lexicon Induction with Multiple Monolingual Signals},
  booktitle = {Proceedings of the 2013 Conference of the North American Chapter of the Association for Computational Linguistics: Human Language Technologies},
  year      = {2013},
  publisher = {Association for Computational Linguistics},
}

@InProceedings{KlementievCOLING,
author={Klementiev, Alexandre and Titov, Ivan and Bhattarai, Binod},
title={Inducing Crosslingual Distributed Representations of Words},
booktitle={Proceedings of COLING 2012},
year={2012},
publisher={The COLING 2012 Organizing Committee},
}

@inproceedings{Bergsma:2011,
 author = {Bergsma, Shane and Van Durme, Benjamin},
 title = {Learning bilingual lexicons using the visual similarity of labeled web images},
 booktitle = {Proceedings of the Twenty-Second international joint conference on Artificial Intelligence - Volume Volume Three},
 year = {2011},
 publisher = {AAAI Press},
}

@inproceedings{Blunsom:2009,
 author = {Blunsom, Phil and Cohn, Trevor and Dyer, Chris and Osborne, Miles},
 title = {A {G}ibbs sampler for phrasal synchronous grammar induction},
 booktitle = {Proceedings of the Joint Conference of the 47th Annual Meeting of the ACL and the 4th International Joint Conference on Natural Language Processing of the AFNLP},
 year = {2009},
 publisher = {Association for Computational Linguistics},
}

@article {KneserNey95,
author= {Kneser, Reinhard and Ney, Hermann},
title= {Improved Backing-off for M-gram Language Modeling},
journal= {IEEE International Conference on Acoustics, Speech, and Signal Processing (ICASSP) },
year= {1995},
publisher = {Institute of Electrical and Electronics Engineers Inc.},
}

@InProceedings{TurboParser,
  author    = {Martins, Andre  and  Almeida, Miguel  and  Smith, Noah A.},
  title     = {Turning on the Turbo: Fast Third-Order Non-Projective Turbo Parsers},
  booktitle = {Proceedings of the 51st Annual Meeting of the Association for Computational Linguistics (Volume 2: Short Papers)},
  year      = {2013},
  publisher = {Association for Computational Linguistics},
}

@inproceedings{Nuhn:2012,
 author = {Nuhn, Malte and Mauser, Arne and Ney, Hermann},
 title = {Deciphering foreign language by combining language models and context vectors},
 booktitle = {Proceedings of the 50th Annual Meeting of the Association for Computational Linguistics: Long Papers - Volume 1},
 year = {2012},
 publisher = {Association for Computational Linguistics},
}

@inproceedings{Wu:2008:DAS:1599081.1599206,
 author = {Wu, Hua and Wang, Haifeng and Zong, Chengqing},
 title = {Domain adaptation for statistical machine translation with domain dictionary and monolingual corpora},
 booktitle = {Proceedings of the 22nd International Conference on Computational Linguistics},
 year = {2008},
 publisher = {Association for Computational Linguistics},
}

@inproceedings{Daume:2011:DAM:2002736.2002819,
 author = {Daum{\'e},III, Hal and Jagarlamudi, Jagadeesh},
 title = {Domain adaptation for machine translation by mining unseen words},
 booktitle = {Proceedings of the 49th Annual Meeting of the Association for Computational Linguistics: Human Language Technologies},
 year = {2011},
 publisher = {Association for Computational Linguistics},
}

@InProceedings{dou-vaswani-knight:2014:EMNLP2014,
  author    = {Dou, Qing  and  Vaswani, Ashish  and  Knight, Kevin},
  title     = {Beyond Parallel Data: Joint Word Alignment and Decipherment Improves Machine Translation},
  booktitle = {Proceedings of the 2014 Conference on Empirical Methods in Natural Language Processing (EMNLP)},
  year      = {2014},
  publisher = {Association for Computational Linguistics},
}
@inproceedings{Dou:2012,
  author = {Dou, Qing and Knight, Kevin},
  title = {Large scale decipherment for out-of-domain machine translation},
  booktitle = {Proceedings of the 2012 Joint Conference on Empirical Methods in Natural Language Processing and Computational Natural
Language Learning},
  year = {2012},
  publisher = {Association for Computational Linguistics},
}

@inproceedings{Finkel:2005,
 author = {Finkel, Jenny Rose and Grenager, Trond and Manning, Christopher},
 title = {Incorporating non-local information into information extraction systems by {G}ibbs sampling},
 booktitle = {Proceedings of the 43rd Annual Meeting on Association for Computational Linguistics},
 year = {2005},
 publisher = {Association for Computational Linguistics},
}

@InProceedings{goldwater-griffiths:2007:ACLMain,
  author    = {Goldwater, Sharon  and  Griffiths, Tom},
  title     = {A fully {B}ayesian approach to unsupervised part-of-speech tagging},
  booktitle = {Proceedings of the 45th Annual Meeting of the Association of Computational Linguistics},
  year      = {2007},
  publisher = {Association for Computational Linguistics},
}

@incollection{Geman:1987:SRG:33517.33564,
 author = {Geman, Stuart and Geman, Donald},
 title = {Stochastic relaxation, {G}ibbs distributions, and the {B}ayesian restoration of images},
 booktitle = {Readings in computer vision: issues, problems, principles, and paradigms},
 year = {1987},
 publisher = {Morgan Kaufmann Publishers Inc.},

}

@inproceedings{Moses,
 author = {Koehn, Philipp and Hoang, Hieu and Birch, Alexandra and Callison-Burch, Chris and Federico, Marcello and Bertoldi, Nicola and Cowan, Brooke and Shen, Wade and Moran, Christine and Zens, Richard and Dyer, Chris and Bojar, Ond\v{r}ej and Constantin, Alexandra and Herbst, Evan},
 title = {Moses: open source toolkit for statistical machine translation},
 booktitle = {Proceedings of the 45th Annual Meeting of the ACL on Interactive Poster and Demonstration Sessions},
 year = {2007},
 publisher = {Association for Computational Linguistics},
}

@inproceedings{srilm,
 author = {Andreas Stolcke},
 title = {{SRILM} - an extensible language modeling toolkit},
 booktitle = {Proceedings of the International Conference on Spoken Language Processing},
 year = {2002},
}

@inproceedings{europarl,
  added-at = {2010-11-10T15:46:05.000+0100},
  address = {Phuket, Thailand},
  author = {Koehn, Philipp},
  booktitle = {In Proceedings of the Tenth Machine Translation Summit},
  publisher = {Asia-Pacific Association for Machine Translation},
  title = {Europarl: a parallel corpus for statistical machine translation},
  year = {2005}
}

@inproceedings{Och:2003:MER:1075096.1075117,
 author = {Och, Franz Josef},
 title = {Minimum error rate training in statistical machine translation},
 booktitle = {Proceedings of the 41st Annual Meeting on Association for Computational Linguistics},
 year = {2003},
 publisher = {Association for Computational Linguistics},
}

@inproceedings{Papineni:2002:BMA:1073083.1073135,
 author = {Papineni, Kishore and Roukos, Salim and Ward, Todd and Zhu, WeiJing},
 title = {BLEU: a method for automatic evaluation of machine translation},
 booktitle = {Proceedings of the 40th Annual Meeting on Association for Computational Linguistics},
 year = {2002},
 publisher = {Association for Computational Linguistics},
}

@inproceedings{Koehn:2002:LTL:1118627.1118629,
 author = {Koehn, Philipp and Knight, Kevin},
 title = {Learning a translation lexicon from monolingual corpora},
 booktitle = {Proceedings of the ACL-02 Workshop on Unsupervised Lexical Acquisition},
 year = {2002},
 location = {Philadelphia, Pennsylvania},
 publisher = {Association for Computational Linguistics},
}

@InProceedings{haghighi-EtAl:2008:ACLMain,
  author    = {Haghighi, Aria and Liang, Percy and Berg-Kirkpatrick, Taylor and Klein, Dan},
  title     = {Learning bilingual lexicons from monolingual corpora},
  booktitle = {Proceedings of ACL-08: HLT},
  year      = {2008},
  publisher = {Association for Computational Linguistics},
}

@InProceedings{saluja-EtAl:2014:P14-1,
  author    = {Saluja, Avneesh  and  Hassan, Hany  and  Toutanova, Kristina  and  Quirk, Chris},
  title     = {Graph-based Semi-Supervised Learning of Translation Models from Monolingual Data},
  booktitle = {Proceedings of the 52nd Annual Meeting of the Association for Computational Linguistics (Volume 1: Long Papers)},
  year      = {2014},
  publisher = {Association for Computational Linguistics},
}

@inproceedings{Garera:2009,
 author = {Garera, Nikesh and Callison-Burch, Chris and Yarowsky, David},
 title = {Improving translation lexicon induction from monolingual corpora via dependency contexts and part-of-speech equivalences},
 booktitle = {Proceedings of the Thirteenth Conference on Computational Natural Language Learning},
 year = {2009},
 publisher = {Association for Computational Linguistics},
}

@inproceedings{Rapp:1995,
 author = {Rapp, Reinhard},
 title = {Identifying word translations in non-parallel texts},
 booktitle = {Proceedings of the 33rd annual meeting on Association for Computational Linguistics},
 year = {1995},
 publisher = {Association for Computational Linguistics},
}

@article{mimno2012topic,
  title={Topic models conditioned on arbitrary features with dirichlet-multinomial regression},
  author={Mimno, David and McCallum, Andrew},
  journal={arXiv preprint arXiv:1206.3278},
  year={2012}
}

@article{mikolov2013efficient,
  title={Efficient estimation of word representations in vector space},
  author={Mikolov, Tomas and Chen, Kai and Corrado, Greg and Dean, Jeffrey},
  journal={arXiv preprint arXiv:1301.3781},
  year={2013}
}

@inproceedings{mikolov2013distributed,
  title={Distributed representations of words and phrases and their compositionality},
  author={Mikolov, Tomas and Sutskever, Ilya and Chen, Kai and Corrado, Greg S and Dean, Jeff},
  booktitle={Advances in Neural Information Processing Systems},
  pages={3111--3119},
  year={2013}
}
